@misc{knime-whitepaper,
	author = "Berthold M. and Cebron N. and Dill F. and Di Fatta G. and Gabriel T.R. and Georg F. and Meinl T. and Ohl P. and Sieb C. and Wiswedel B.",
	title = "KNIME: The Konstanz Information Miner. Version 2.0 and Beyond",
	howpublished = "\url{https://kops.uni-konstanz.de/server/api/core/bitstreams/e707d437-0ce8-4ebd-bd8a-184b918312b4/content}",
	month = "Noviembre",
	year = 2009,
	publisher = "Department of Computer and Information Science Konstanz University"
}


@misc{multiclass-pred,
	author = "	Abdul Bujang S. D. and Selamat A. and Ibrahim  R. and Krejcar O. and Viedma E. H. and Fujita H.",
	title = "Multi-class prediction model for student grade prediction using machine learning",
	howpublished = "\url{https://ieeexplore.ieee.org/document/9468629}",
	month = "Junio",
	year = 2021,
	publisher = "Institute of Electrical and Electronics Engineers Inc."
}



@misc{smote,
	author = "Chawla, N. V. et al.",
	title = "SMOTE: Synthetic Minority Over-sampling Technique",
	howpublished = "\url{https://doi.org/10.1613/jair.953}",
	year = 2002,
	publisher = "Journal of Artificial Intelligence Research, 16, 321-357."
}


@misc{misc:retribuciontutores-funcionarios,
	author = "Universidad de Burgos",
	title = "Retribuciones funcionarios año 2023",
	howpublished =
	"\url{https://www.ubu.es/sites/default/files/portal_page/files/pdi_funcionario_ano_2023.pdf}",
	month = "Marzo",
	year = 2023
}

@misc{salario,
	title={Sueldo del Programador en España},
	howpublished="\url{https://www.jobted.es/salario/programador}"
}

@misc{etl,
	title={Extract Transform Load (ETL)},
	howpublished="\url{https://www.databricks.com/glossary/extract-transform-load}",
	publisher={Databricks}
}


@misc{aprendizaje,
	title={Supervised Learning Workflow and Algorithms},
	howpublished="\url{https://uk.mathworks.com/help/stats/supervised-learning-machine-learning-workflow-and-algorithms.html}",
	publisher={MathWorks}
}

@misc{seguridad-social,
	title = "{Seguridad Social: Bases y tipos de cotización 2023}",
	howpublished =
	"\url{https://www.seg-social.es/wps/portal/wss/internet/Trabajadores/CotizacionRecaudacionTrabajadores/36537?changeLanguage=es}"
}


@misc{ubumonitor,
	title = "{UBUMonitor. Manual de usuario}",
	howpublished =
	"\url{https://ubumonitordocs.readthedocs.io/es/latest/}"
}

@article{marticorena2022ubumonitor,
  title={UBUMonitor: an open-source desktop application for visual E-learning analysis with Moodle},
  author={Marticorena-S{\'a}nchez, Ra{\'u}l and L{\'o}pez-Nozal, Carlos and Ji, Yi Peng and Pardo-Aguilar, Carlos and Arnaiz-Gonz{\'a}lez, {\'A}lvar},
  journal={Electronics},
  volume={11},
  number={6},
  pages={954},
  year={2022},
  publisher={MDPI}
}


@misc{knime-sdk,
	title = "{KNIME. SDK Setup}",
	howpublished =
	"\url{https://github.com/knime/knime-sdk-setup}"
}


@misc{knimene-java-extension,
	title = "{KNIME. Create a New Java based KNIME Extension}",
	howpublished =
	"\url{https://docs.knime.com/latest/analytics_platform_new_node_quickstart_guide/index.html#_introduction}"
}


